@article{tweet_anatomy_figure,
author = {Alim, Sophia},
year = {2015},
month = {10},
pages = {31-52},
title = {Analysis of Tweets Related to Cyberbullying:},
volume = {5},
journal = {International Journal of Cyber Behavior, Psychology and Learning},
doi = {10.4018/IJCBPL.2015100103}
}

@INPROCEEDINGS{7364101,
author={A. I. {Maarala} and M. {Rautiainen} and M. {Salmi} and S. {Pirttikangas} and J. {Riekki}},
booktitle={2015 IEEE International Conference on Big Data (Big Data)},
title={Low latency analytics for streaming traffic data with Apache Spark},
year={2015},
volume={},
number={},
pages={2855-2858},
keywords={application program interfaces;Big Data;cloud computing;parallel processing;storage management;low latency analytics;Apache Spark;traffic data;distributed computing;parallel computing;storage method;query method;ingestion method;Big Data cloud platform;data query API;Real-time systems;Sparks;Throughput;Roads;Sensors;Big data;Global Positioning System},
doi={10.1109/BigData.2015.7364101},
ISSN={},
month={Oct},}

@inproceedings{Shanahan:2015:LSD:2783258.2789993,
 author = {Shanahan, James G. and Dai, Laing},
 title = {Large Scale Distributed Data Science Using Apache Spark},
 booktitle = {Proceedings of the 21th ACM SIGKDD International Conference on Knowledge Discovery and Data Mining},
 series = {KDD '15},
 year = {2015},
 isbn = {978-1-4503-3664-2},
 location = {Sydney, NSW, Australia},
 pages = {2323--2324},
 numpages = {2},
 url = {http://doi.acm.org/10.1145/2783258.2789993},
 doi = {10.1145/2783258.2789993},
 acmid = {2789993},
 publisher = {ACM},
 address = {New York, NY, USA},
 keywords = {data science, distributed systems, hadoop, hdfs, large scale machine learning, map reduce, spark},
} 

@inproceedings{sentiment_kouloumpis,
author = {Kouloumpis, Efthymios and Wilson, Theresa and Moore, Johanna},
year = {2011},
month = {01},
pages = {},
title = {Twitter Sentiment Analysis: The Good the Bad and the OMG!},
journal = {ICWSM}
}

@book{pang_lee_2008, place={Boston}, title={Opinion Mining and Sentiment Analysis}, publisher={Now Publishers}, author={Pang, Bo and Lee, Lillian}, year={2008}}

@article{pandas_summary,
author = {Mckinney, Wes},
year = {2011},
month = {01},
pages = {},
title = {pandas: a Foundational Python Library for Data Analysis and Statistics},
journal = {Python High Performance Science Computer}
}

@INPROCEEDINGS{6932933,
author={G. {Darzanos} and I. {Papafili} and G. D. {Stamoulis}},
booktitle={2014 26th International Teletraffic Congress (ITC)},
title={A socially-aware ISP-friendly mechanism for efficient content delivery},
year={2014},
volume={},
number={},
pages={1-9},
keywords={cache storage;Internet;peer-to-peer computing;quality of experience;telecommunication traffic;video servers;video streaming;socially-aware ISP-friendly mechanism;internet traffic;video delivery platforms;online social networks;long-tail content;user-generated content;CDN;local geographic region;content delivery enhancement;end-user behavior;SEConD;socially-aware proxy server;socially-aware messaging;P2P;video streaming;two-level caching strategy;evaluation framework;quality of experience;QoE;traffic reduction;inter-domain links;content distribution;Streaming media;Servers;Facebook;Prefetching;Internet;YouTube;Peer-to-peer computing;socially-aware traffic management;video streaming;content placement;caching;QoE},
doi={10.1109/ITC.2014.6932933},
ISSN={},
month={Sep.},}

@INPROCEEDINGS{6897213,
author={G. {Gautam} and D. {Yadav}},
booktitle={2014 Seventh International Conference on Contemporary Computing (IC3)},
title={Sentiment analysis of twitter data using machine learning approaches and semantic analysis},
year={2014},
volume={},
number={},
pages={437-442},
keywords={Bayes methods;classification;decision making;feature selection;learning (artificial intelligence);maximum entropy methods;pattern classification;semantic networks;support vector machines;sentiment analysis;Twitter data;machine learning approaches;semantic analysis;World Wide Web;sentiment classes;decision making;customer review classification;tweets;unstructured opinions;feature vector selection;machine learning based classification algorithms;naive Bayes;maximum entropy;SVM;semantic orientation;WordNet;synonyms;content feature similarity;Feature extraction;Semantics;Support vector machine classification;Sentiment analysis;Entropy;Accuracy;Machine Learning;Semantic Orientation;Sentiment Analysis;Twitter},
doi={10.1109/IC3.2014.6897213},
ISSN={},
month={Aug},}